@book{kurose2013computer,
    address = {S{\~{a}}o Paulo},
    author = {Kurose, James F and Ross, Keith W},
    edition = {6. ed.},
    editor = {{Wagner Luiz Zucchi}},
    isbn = {9788543014432},
    publisher = {Pearson Education do Brasil},
    title = {{Redes de Computadores e a Internet: uma abordagem top-down}},
    translator = {{Daniel Vieira}},
    volume = {6. ed.},
    year = {2013}
}
@techreport{Scott2007,
	author = {Scott, K. and Burleigh, S.},
	doi = {10.17487/rfc5050},
	file = {:home/bruno/.local/share/data/Mendeley Ltd./Mendeley Desktop/Downloaded/מזלי - 2011 - No Title הקוראת בתמרים(2).pdf:pdf},
	mendeley-groups = {Qualifica{\c{c}}{\~{a}}o/RFC},
	month = {nov},
	pages = {1--50},
	title = {{Bundle Protocol Specification: RFC 5050}},
	url = {https://www.rfc-editor.org/info/rfc5050},
	year = {2007}
}
@misc{Raspberry,
	author = {{Raspberry Pi Foundation}},
	institution = {Raspberry Pi Foundation},
	mendeley-groups = {Qualifica{\c{c}}{\~{a}}o/websites},
	title = {{Raspberry Pi 3 Model B}},
	url = {https://www.raspberrypi.org/products/raspberry-pi-3-model-b/},
	urldate = {2019-03-08},
	year = {2019}
}
@article{higginbottom1998performance,
	title={Performance evaluation of communication networks},
	author={Higginbottom, Gary N},
	year={1998},
	publisher={Artech House, Inc.}
}

@book{schildt1990c,
  title={C, completo e total},
  author={Schildt, H.},
  url={https://books.google.com.br/books?id=AAD4pwAACAAJ},
  year={1990},
  publisher={Makron / McGrawil}
}